% Encoding: UTF-8

@book{kraus_2004,
    place={Berlin},
    edition={7},
    title={Photogrammetrie: Geometrische Informationen aus Photographien und Laserscanneraufnahmen},
    volume={1},
    publisher={De Gruyter},
    author={Kraus, Karl},
    year={2004}
}




@book{hartley_2003,
author = {Hartley, Richard and Zisserman, Andrew},
title = {Multiple View Geometry in Computer Vision},
year = {2003},
isbn = {0521540518},
publisher = {Cambridge University Press},
address = {USA},
edition = {2}
}

@misc{opencv_2013,
	author = {OpenCV},
	title = {opencv\_contrib},
	year = {2013},
	publisher = {GitHub},
	journal = {GitHub repository},
	version = {4.2.0},
	howpublished = {\url{https://github.com/opencv/opencv_contrib}},
	commit = {4f57d6a0e4c030202a07a60bc1bb1ed1544bf679}
}